@InProceedings{Kratkiewicz/05/Using,
  author = 	 {Kendra Kratkiewicz and Richard Lippmann},
  title = 	 {Using a Diagnostic Corpus of {C} Programs to Evaluate Buffer Overflow Detection
                       by Static Analysis Tools},
  crossref =     {conf/sstw/05},
  pages =        {102--111}
}

@inproceedings{DBLP:conf/cc/NeculaMRW02,
  author    = {George C. Necula and
               Scott McPeak and
               Shree Prakash Rahul and
               Westley Weimer},
  title     = {{CIL}: Intermediate Language and Tools for Analysis and Transformation
               of {C} Programs},
  booktitle = {CC},
  year      = {2002},
  pages     = {213-228},
  ee        = {http://dx.doi.org/10.1007/3-540-45937-5_16},
  crossref  = {DBLP:conf/cc/2002},
  bibsource = {DBLP, http://dblp.uni-trier.de}
}

@TechReport{Ockham,
  author = 	 {Paul E. Black and Athos Rebeiro},
  title = 	 {{SATE V} {O}ckham {S}ound {A}nalysis {C}riteria},
  institution =  {NIST},
  year = 	 {2017},
  number = 	 {NISTIR 8113}
}

@inproceedings{DBLP:conf/sigsoft/ZitserLL04,
  author    = {Misha Zitser and
               Richard Lippmann and
               Tim Leek},
  title     = {Testing static analysis tools using exploitable buffer overflows
               from open source code},
  booktitle = {SIGSOFT FSE},
  year      = {2004},
  pages     = {97-106},
  ee        = {http://doi.acm.org/10.1145/1029894.1029911},
  crossref  = {DBLP:conf/sigsoft/2004},
  bibsource = {DBLP, http://dblp.uni-trier.de}
}

@proceedings{DBLP:conf/cc/2002,
  editor    = {R. Nigel Horspool},
  title     = {Compiler Construction, 11th International Conference, CC
               2002, Held as Part of the Joint European Conferences on
               Theory and Practice of Software, ETAPS 2002, Grenoble, France,
               April 8-12, 2002, Proceedings},
  booktitle = {CC},
  publisher = {Springer},
  series    = {Lecture Notes in Computer Science},
  volume    = {2304},
  year      = {2002},
  isbn      = {3-540-43369-4},
  bibsource = {DBLP, http://dblp.uni-trier.de}
}

@proceedings{DBLP:conf/sigsoft/2004,
  editor    = {Richard N. Taylor and
               Matthew B. Dwyer},
  booktitle     = {Proceedings of the 12th ACM SIGSOFT International Symposium
               on Foundations of Software Engineering, 2004, Newport Beach,
               CA, USA, October 31 - November 6, 2004},
  title = {SIGSOFT FSE},
  publisher = {ACM},
  year      = {2004},
  isbn      = {1-58113-855-5},
  bibsource = {DBLP, http://dblp.uni-trier.de}
}

@Proceedings{conf/sstw/05,
  booktitle = 	 {Proceedings of Defining the State of the Art in Software Security Tools Workshop},
  editor =       {Paul E. Black and Elizabeth Fong},
  year = 	 {2005},
  number = 	 {500-264},
  series = 	 {NIST Special Publication},
  month = 	 {September},
  publisher = {NIST},
}
