@TechReport{Juliet12,
  author = 	 {{Center for Assured Software}},
  title = 	 {Juliet {T}est {S}uite v1.2 for {C/C++}. {U}ser {G}uide},
  institution =  {National Security Agency},
  year = 	 {2012},
  month = 	 {December}
}


@TechReport{NIST1995,
  author = 	 {Paul E. Black},
  title = 	 {{J}uliet 1.3 {T}est {S}uite: {C}hanges From 1.2},
  institution =  {NIST},
  year = 	 {2018},
  OPTkey = 	 {},
  type = 	 {NIST Technical Note},
  number = 	 {1995},
  OPTaddress = 	 {},
  month = 	 {June},
  OPTnote = 	 {},
  OPTannote = 	 {}
}

